% This file was created with JabRef 2.9.2.
% Encoding: UTF8
@techreport{sammet1969programming,
  title={Programming Languages; History and Fundamentals},
  author={Sammet, Jean E Jean E},
  year={1969}
}

@misc{ceruzzi1998history,
  title={A History of Modern Computing (Cambridge, MA \& London},
  author={Ceruzzi, Paul},
  year={1998},
  publisher={MIT Press}
}

@book{organick2014programming,
  title={Programming language structures},
  author={Organick, Elliott I and Forsythe, Alexandra I and Plummer, Robert P},
  year={2014},
  publisher={Academic Press}
}

